%% This BibTeX bibliography file was created using BibDesk.
%% http://bibdesk.sourceforge.net/

%% Created for Brian Blais at 2015-06-08 16:35:59 -0400 


%% Saved with string encoding Unicode (UTF-8) 



@article{guber1999getting,
	Author = {Guber, DC},
	Date-Added = {2015-06-08 20:35:16 +0000},
	Date-Modified = {2015-06-08 20:35:16 +0000},
	Journal = {Journal of Statistics Education},
	Number = {2},
	Title = {Getting what you pay for: The debate over equity in public school expenditures},
	Volume = {7},
	Year = {1999},
	Bdsk-File-1 = {YnBsaXN0MDDUAQIDBAUGJCVYJHZlcnNpb25YJG9iamVjdHNZJGFyY2hpdmVyVCR0b3ASAAGGoKgHCBMUFRYaIVUkbnVsbNMJCgsMDxJXTlMua2V5c1pOUy5vYmplY3RzViRjbGFzc6INDoACgAOiEBGABIAFgAdccmVsYXRpdmVQYXRoWWFsaWFzRGF0YV8Qiy4uLy4uLy4uLy4uLy4uL0RvY3VtZW50cy9CaWJEZXNrIEFydGljbGVzLzE5OTktR3ViZXIuRC1HZXR0aW5nIHdoYXQgeW91IHBheSBmb3IgVGhlIGRlYmF0ZSBvdmVyIGVxdWl0eSBpbiBwdWJsaWMgc2Nob29sIGV4cGVuZGl0dXJlcy1hLS5wZGbSFwsYGVdOUy5kYXRhTxECtgAAAAACtgACAAAMTWFjaW50b3NoIEhEAAAAAAAAAAAAAAAAAAAAz9PyhkgrAAAAEs2QHzE5OTktR3ViZXIuRC1HZXR0aW4jMUE4RDFEQy5wZGYAAAAAAAAAAAAAAAAAAAAAAAAAAAAAAAAAAAAAAAAAAAGo0dzRm3TcAAAAAAAAAAAABQADAAAJIAAAAAAAAAAAAAAAAAAAABBCaWJEZXNrIEFydGljbGVzABAACAAAz9QqxgAAABEACAAA0ZutHAAAAAEAEAASzZAACTOrAAkzqgACZvkAAgBYTWFjaW50b3NoIEhEOlVzZXJzOgBiYmxhaXM6AERvY3VtZW50czoAQmliRGVzayBBcnRpY2xlczoAMTk5OS1HdWJlci5ELUdldHRpbiMxQThEMURDLnBkZgAOAMQAYQAxADkAOQA5AC0ARwB1AGIAZQByAC4ARAAtAEcAZQB0AHQAaQBuAGcAIAB3AGgAYQB0ACAAeQBvAHUAIABwAGEAeQAgAGYAbwByACAAVABoAGUAIABkAGUAYgBhAHQAZQAgAG8AdgBlAHIAIABlAHEAdQBpAHQAeQAgAGkAbgAgAHAAdQBiAGwAaQBjACAAcwBjAGgAbwBvAGwAIABlAHgAcABlAG4AZABpAHQAdQByAGUAcwAtAGEALQAuAHAAZABmAA8AGgAMAE0AYQBjAGkAbgB0AG8AcwBoACAASABEABIAiVVzZXJzL2JibGFpcy9Eb2N1bWVudHMvQmliRGVzayBBcnRpY2xlcy8xOTk5LUd1YmVyLkQtR2V0dGluZyB3aGF0IHlvdSBwYXkgZm9yIFRoZSBkZWJhdGUgb3ZlciBlcXVpdHkgaW4gcHVibGljIHNjaG9vbCBleHBlbmRpdHVyZXMtYS0ucGRmAAATAAEvAAAVAAIADf//AACABtIbHB0eWiRjbGFzc25hbWVYJGNsYXNzZXNdTlNNdXRhYmxlRGF0YaMdHyBWTlNEYXRhWE5TT2JqZWN00hscIiNcTlNEaWN0aW9uYXJ5oiIgXxAPTlNLZXllZEFyY2hpdmVy0SYnVHJvb3SAAQAIABEAGgAjAC0AMgA3AEAARgBNAFUAYABnAGoAbABuAHEAcwB1AHcAhACOARwBIQEpA+MD5QPqA/UD/gQMBBAEFwQgBCUEMgQ1BEcESgRPAAAAAAAAAgEAAAAAAAAAKAAAAAAAAAAAAAAAAAAABFE=}}

@article{mclaren2012using,
	Author = {McLaren, Constance H},
	Date-Added = {2015-06-08 15:28:15 +0000},
	Date-Modified = {2015-06-08 15:28:15 +0000},
	Journal = {Journal of Statistics Education},
	Number = {3},
	Title = {Using the Height and Shoe Size Data to Introduce Correlation and Regression},
	Volume = {20},
	Year = {2012},
	Bdsk-File-1 = {YnBsaXN0MDDUAQIDBAUGJCVYJHZlcnNpb25YJG9iamVjdHNZJGFyY2hpdmVyVCR0b3ASAAGGoKgHCBMUFRYaIVUkbnVsbNMJCgsMDxJXTlMua2V5c1pOUy5vYmplY3RzViRjbGFzc6INDoACgAOiEBGABIAFgAdccmVsYXRpdmVQYXRoWWFsaWFzRGF0YV8Qiy4uLy4uLy4uLy4uLy4uL0RvY3VtZW50cy9CaWJEZXNrIEFydGljbGVzLzIwMTItTWNMYXJlbi5DLVVzaW5nIHRoZSBIZWlnaHQgYW5kIFNob2UgU2l6ZSBEYXRhIHRvIEludHJvZHVjZSBDb3JyZWxhdGlvbiBhbmQgUmVncmVzc2lvbi1hLS5wZGbSFwsYGVdOUy5kYXRhTxECtgAAAAACtgACAAAMTWFjaW50b3NoIEhEAAAAAAAAAAAAAAAAAAAAz9PyhkgrAAAAEs2QHzIwMTItTWNMYXJlbi5DLVVzaW4jMUE3MzI0NC5wZGYAAAAAAAAAAAAAAAAAAAAAAAAAAAAAAAAAAAAAAAAAAAGnMkTRmy57AAAAAAAAAAAABQADAAAJIAAAAAAAAAAAAAAAAAAAABBCaWJEZXNrIEFydGljbGVzABAACAAAz9QqxgAAABEACAAA0ZtmuwAAAAEAEAASzZAACTOrAAkzqgACZvkAAgBYTWFjaW50b3NoIEhEOlVzZXJzOgBiYmxhaXM6AERvY3VtZW50czoAQmliRGVzayBBcnRpY2xlczoAMjAxMi1NY0xhcmVuLkMtVXNpbiMxQTczMjQ0LnBkZgAOAMQAYQAyADAAMQAyAC0ATQBjAEwAYQByAGUAbgAuAEMALQBVAHMAaQBuAGcAIAB0AGgAZQAgAEgAZQBpAGcAaAB0ACAAYQBuAGQAIABTAGgAbwBlACAAUwBpAHoAZQAgAEQAYQB0AGEAIAB0AG8AIABJAG4AdAByAG8AZAB1AGMAZQAgAEMAbwByAHIAZQBsAGEAdABpAG8AbgAgAGEAbgBkACAAUgBlAGcAcgBlAHMAcwBpAG8AbgAtAGEALQAuAHAAZABmAA8AGgAMAE0AYQBjAGkAbgB0AG8AcwBoACAASABEABIAiVVzZXJzL2JibGFpcy9Eb2N1bWVudHMvQmliRGVzayBBcnRpY2xlcy8yMDEyLU1jTGFyZW4uQy1Vc2luZyB0aGUgSGVpZ2h0IGFuZCBTaG9lIFNpemUgRGF0YSB0byBJbnRyb2R1Y2UgQ29ycmVsYXRpb24gYW5kIFJlZ3Jlc3Npb24tYS0ucGRmAAATAAEvAAAVAAIADf//AACABtIbHB0eWiRjbGFzc25hbWVYJGNsYXNzZXNdTlNNdXRhYmxlRGF0YaMdHyBWTlNEYXRhWE5TT2JqZWN00hscIiNcTlNEaWN0aW9uYXJ5oiIgXxAPTlNLZXllZEFyY2hpdmVy0SYnVHJvb3SAAQAIABEAGgAjAC0AMgA3AEAARgBNAFUAYABnAGoAbABuAHEAcwB1AHcAhACOARwBIQEpA+MD5QPqA/UD/gQMBBAEFwQgBCUEMgQ1BEcESgRPAAAAAAAAAgEAAAAAAAAAKAAAAAAAAAAAAAAAAAAABFE=}}

@article{tversky2005cold,
	Author = {Tversky, A. and Gilovich, T.},
	Date-Added = {2015-05-20 22:31:50 +0000},
	Date-Modified = {2015-05-20 22:31:50 +0000},
	Journal = {Anthology of statistics in sports},
	Keywords = {stats},
	Pages = {169},
	Publisher = {Society for Industrial Mathematics},
	Title = {The cold facts about the" hot hand" in basketball},
	To-Read = {1},
	Volume = {16},
	Year = {2005}}

@book{hand2011handbook,
	Author = {Hand, David J and Daly, Fergus and McConway, K and Lunn, D and Ostrowski, E},
	Date-Added = {2015-05-20 22:31:43 +0000},
	Date-Modified = {2015-05-20 22:31:43 +0000},
	Publisher = {CRC Press},
	Title = {A handbook of small data sets},
	Volume = {1},
	Year = {2011}}

@misc{Bache:2013fk,
	Author = {K. Bache and M. Lichman},
	Date-Added = {2015-05-20 22:31:35 +0000},
	Date-Modified = {2015-05-20 22:31:35 +0000},
	Institution = {University of California, Irvine, School of Information and Computer Sciences},
	Title = {{UCI} Machine Learning Repository},
	Url = {http://archive.ics.uci.edu/ml},
	Year = {2013},
	Bdsk-Url-1 = {http://archive.ics.uci.edu/ml}}

@book{berry1996statistics,
	Author = {Berry, D.},
	Date-Added = {2015-05-20 22:31:27 +0000},
	Date-Modified = {2015-05-20 22:31:27 +0000},
	Publisher = {Duxbury},
	Title = {Statistics: A Bayesian Perspective.},
	Year = {1996}}

@book{gelman2007data,
	Author = {Gelman, A. and Hill, J. and Ebooks Corporation},
	Date-Added = {2015-05-20 22:31:18 +0000},
	Date-Modified = {2015-05-20 22:31:18 +0000},
	Keywords = {stats, bayes},
	Publisher = {Cambridge University Press Cambridge, UK:},
	Title = {Data analysis using regression and multilevel/hierarchical models},
	To-Read = {1},
	Volume = {625},
	Year = {2007}}

@article{agresti2000simple,
	Author = {Agresti, Alan and Caffo, Brian},
	Date-Added = {2015-05-20 22:31:11 +0000},
	Date-Modified = {2015-05-20 22:31:11 +0000},
	Journal = {The American Statistician},
	Number = {4},
	Pages = {280--288},
	Publisher = {Taylor \& Francis Group},
	Title = {Simple and effective confidence intervals for proportions and differences of proportions result from adding two successes and two failures},
	Volume = {54},
	Year = {2000}}

@article{Lindley76,
	Author = {D. V. Lindley and L. D. Phillips},
	Date-Added = {2015-05-20 22:31:04 +0000},
	Date-Modified = {2015-05-20 22:31:04 +0000},
	Journal = {The American Statistician},
	Number = {3},
	Pages = {112-119},
	Title = {Inference for a Bernoulli Process (a Bayesian View)},
	Volume = {30},
	Year = {1976}}

@book{randi1982flim,
	Author = {Randi, J.},
	Date-Added = {2015-05-20 22:30:57 +0000},
	Date-Modified = {2015-05-20 22:30:57 +0000},
	Publisher = {Prometheus Books Amherst, NY},
	Title = {Flim-flam!: psychics, ESP, unicorns, and other delusions},
	Volume = {342},
	Year = {1982}}

@misc{wiki:psychic_octopus,
	Date-Added = {2015-05-20 22:30:46 +0000},
	Date-Modified = {2015-05-20 22:30:46 +0000},
	Keywords = {psychic octopus},
	Lastchecked = {Jul 30 2012},
	Month = {July},
	Title = {Paul the Octopus},
	Url = {http://en.wikipedia.org/wiki/Psychic_octopus},
	Urldate = {July 11, 2012},
	Year = {2012},
	Bdsk-Url-1 = {http://en.wikipedia.org/wiki/Psychic_octopus}}

@book{McGrayne:2011fk,
	Author = {Sharon McGrayne},
	Date-Added = {2015-05-20 22:30:36 +0000},
	Date-Modified = {2015-05-20 22:30:36 +0000},
	Isbn = {0300169698},
	Publisher = {Yale University Press},
	Title = {The Theory That Would Not Die: How Bayes' Rule Cracked the Enigma Code, Hunted Down Russian Submarines, and Emerged Triumphant from Two Centuries of Controversy},
	Year = {2011}}

@book{sagandemon,
	Author = {Sagan, Carl},
	Date-Added = {2015-05-20 22:30:28 +0000},
	Date-Modified = {2015-05-20 22:30:28 +0000},
	Publisher = {Random House LLC},
	Title = {Demon-Haunted World: Science as a Candle in the Dark},
	Year = {1996}}

@article{tversky1974judgment,
	Author = {Tversky, A. and Kahneman, D.},
	Date-Added = {2015-05-20 22:30:22 +0000},
	Date-Modified = {2015-05-20 22:30:22 +0000},
	Journal = {Science},
	Number = {4157},
	Pages = {1124},
	Publisher = {American Association for the Advancement of Science},
	Title = {Judgment under uncertainty: Heuristics and biases},
	Volume = {185},
	Year = {1974}}

@article{tversky1983extensional,
	Author = {Tversky, A. and Kahneman, D.},
	Date-Added = {2015-05-20 22:30:15 +0000},
	Date-Modified = {2015-05-20 22:30:15 +0000},
	Journal = {Psychological review},
	Number = {4},
	Pages = {293},
	Publisher = {American Psychological Association},
	Title = {Extensional versus intuitive reasoning: The conjunction fallacy in probability judgment.},
	Volume = {90},
	Year = {1983}}

@article{Oberg:2008fj,
	Annote = {http://spectrum.ieee.org/aerospace/satellites/us-satellite-shootdown-the-inside-story},
	Author = {James Oberg},
	Date-Added = {2015-05-20 22:30:05 +0000},
	Date-Modified = {2015-05-20 22:30:05 +0000},
	Journal = {{IEEE} {Spectrum}},
	Title = {{U.S.} Satellite Shootdown: The Inside Story},
	Year = {2008}}

@book{Heaps:1978qy,
	Address = {S.l},
	Author = {Heaps, L},
	Date-Added = {2015-05-20 22:29:56 +0000},
	Date-Modified = {2015-05-20 22:29:56 +0000},
	Isbn = {0709203233},
	Publisher = {Paddington},
	Title = {Operation morning light},
	Year = {1978}}

@misc{KAY:2003uq,
	Author = {Lord Justice Kay},
	Date-Added = {2015-05-20 22:29:46 +0000},
	Date-Modified = {2015-05-20 22:29:46 +0000},
	Lastchecked = {Friday January 24, 2014},
	Month = {April},
	Title = {{R} vs {Sally Clark}},
	Url = {http://www.bailii.org/ew/cases/EWCA/Crim/2003/1020.html},
	Year = {2003},
	Bdsk-Url-1 = {http://www.bailii.org/ew/cases/EWCA/Crim/2003/1020.html}}

@misc{SULLIVAN:fk,
	Author = {J. Sullivan},
	Date-Added = {2015-05-20 22:29:35 +0000},
	Date-Modified = {2015-05-20 22:29:35 +0000},
	Lastchecked = {Friday January 24, 2014},
	Title = {People v. {C}ollins , 68 Cal.2d 319},
	Url = {http://scocal.stanford.edu/opinion/people-v-collins-22583},
	Year = {1968},
	Bdsk-Url-1 = {http://scocal.stanford.edu/opinion/people-v-collins-22583}}

@book{Jaynes2003,
	Address = {Cambridge},
	Author = {E. T. Jaynes},
	Date-Added = {2015-05-20 22:29:21 +0000},
	Date-Modified = {2015-05-20 22:29:21 +0000},
	Note = {Edited by G.~Larry Bretthorst},
	Publisher = {Cambridge University Press},
	Title = {Probability Theory: The Logic of Science},
	Year = 2003}
